/home/raph/Documents/bibtex/thesis.bib